


@article{arxiv1,
	author = {Matthew Skala},
	title = {Hypergeometric tail inequalities: ending the insanity},
	journal = {Arxiv},
	number = {1311.5939},
	year = {2013},
	url = {https://arxiv.org/pdf/1311.5939.pdf}
}


@article{doi:10.1137/10080782X,
author = {Owhadi, H. and Scovel, C. and Sullivan, T. and McKerns, M. and Ortiz, M.},
title = {Optimal Uncertainty Quantification},
journal = {SIAM Review},
volume = {55},
number = {2},
pages = {271-345},
year = {2013}}


